<record><leader>00000cas a22000001a 4500</leader><controlfield tag="001">6951221</controlfield><controlfield tag="007">hd afa015baca</controlfield><controlfield tag="007">hd bfa015baaa</controlfield><controlfield tag="008">801118d19091923nyudr nea     0   a0eng c</controlfield><datafield ind1=" " ind2=" " tag="010"><subfield code="a">sn 94085069 </subfield></datafield><datafield ind1=" " ind2=" " tag="040"><subfield code="a">ZBM</subfield><subfield code="b">eng</subfield><subfield code="c">ZBM</subfield><subfield code="d">COO</subfield><subfield code="d">RQM</subfield><subfield code="d">OCL</subfield><subfield code="d">UKMGB</subfield><subfield code="d">OCLCQ</subfield><subfield code="d">NDD</subfield><subfield code="d">OCLCO</subfield></datafield><datafield ind1=" " ind2=" " tag="012"><subfield code="i">9504</subfield></datafield><datafield ind1="7" ind2=" " tag="016"><subfield code="a">013914224</subfield><subfield code="2">Uk</subfield></datafield><datafield ind1="1" ind2=" " tag="029"><subfield code="a">AU@</subfield><subfield code="b">000025891408</subfield></datafield><datafield ind1=" " ind2=" " tag="042"><subfield code="a">pcc</subfield></datafield><datafield ind1=" " ind2=" " tag="043"><subfield code="a">n-us-ny</subfield></datafield><datafield ind1="0" ind2="4" tag="245"><subfield code="a">The New York call</subfield><subfield code="h">[microform].</subfield></datafield><datafield ind1="3" ind2="0" tag="246"><subfield code="a">Call</subfield></datafield><datafield ind1=" " ind2=" " tag="260"><subfield code="a">New York :</subfield><subfield code="b">[Labor Press Association],</subfield><subfield code="c">1909-1923.</subfield></datafield><datafield ind1=" " ind2=" " tag="300"><subfield code="a">15 v. :</subfield><subfield code="b">ill.</subfield></datafield><datafield ind1=" " ind2=" " tag="310"><subfield code="a">Daily</subfield></datafield><datafield ind1="0" ind2=" " tag="362"><subfield code="a">Vol. 2, no. 153 (June 28, 1909)-v. 16, no. 273 (Sept. 30, 1923).</subfield></datafield><datafield ind1=" " ind2=" " tag="500"><subfield code="a">"New York" appears in title ornament, 1909-1918.</subfield></datafield><datafield ind1=" " ind2=" " tag="500"><subfield code="a">"A newpaper for the workers."</subfield></datafield><datafield ind1=" " ind2=" " tag="525"><subfield code="a">Sunday issue contains a supplement titled: The Call magazine.</subfield></datafield><datafield ind1=" " ind2=" " tag="533"><subfield code="a">Microfilm.</subfield><subfield code="m">v.2,no. 153-v.16,no. 273 (June 28,1909-Sept. 30,1923) On film with related titles.</subfield><subfield code="b">New York :</subfield><subfield code="c">New York Public Library,</subfield><subfield code="d">[19--].</subfield><subfield code="e">66 microfilm reels ; 35 mm.</subfield></datafield><datafield ind1=" " ind2="0" tag="651"><subfield code="a">New York (N.Y.)</subfield><subfield code="x">History</subfield><subfield code="y">1989-1951</subfield><subfield code="v">Sources.</subfield></datafield><datafield ind1=" " ind2="0" tag="650"><subfield code="a">Socialism</subfield><subfield code="z">New York (State)</subfield><subfield code="z">New York</subfield><subfield code="v">Sources.</subfield></datafield><datafield ind1=" " ind2=" " tag="752"><subfield code="a">United States</subfield><subfield code="b">New York</subfield><subfield code="d">New York.</subfield></datafield><datafield ind1="1" ind2=" " tag="776"><subfield code="c">Original</subfield><subfield code="w">(DLC)sn 83030226</subfield><subfield code="w">(OCoLC)9448923</subfield></datafield><datafield ind1="0" ind2="0" tag="780"><subfield code="t">New York evening call</subfield><subfield code="w">(DLC)sn 94085068</subfield><subfield code="w">(OCoLC)6927822</subfield></datafield><datafield ind1="0" ind2="0" tag="785"><subfield code="t">New York leader</subfield><subfield code="w">(DLC)sn 94085070</subfield><subfield code="w">(OCoLC)6927815</subfield></datafield><datafield ind1=" " ind2=" " tag="850"><subfield code="a">NN</subfield><subfield code="a">NN (master)</subfield></datafield><datafield ind1=" " ind2=" " tag="936"><subfield code="a">Sept. 30, 1923</subfield></datafield></record>